@article{einstein,
  author =       "Albert Einstein",
  title =        "{Zur Elektrodynamik bewegter K{\"o}rper}. ({German})
                 [{On} the electrodynamics of moving bodies]",
  journal =      "Annalen der Physik",
  volume =       "322",
  number =       "10",
  pages =        "891--921",
  year =         "1905",
  DOI =          "http://dx.doi.org/10.1002/andp.19053221004"
}

@book{latexcompanion,
    author    = "Michel Goossens and Frank Mittelbach and Alexander Samarin",
    title     = "The \LaTeX\ Companion",
    year      = "1993",
    publisher = "Addison-Wesley",
    address   = "Reading, Massachusetts"
}
 
@misc{repo2017,
    author    = "NYU Data Science Department",
    title     = "{Github Repo: DS-GA-1011 Fall 2017}",
    url       = "https://github.com/nyu-mll/DS-GA-1011-Fall2017"
}

@misc{repopytorch,
    author    = "PyTorch Community",
    title     = "{Github Repo: PyTorch}",
    url       = "https://github.com/pytorch/pytorch"
}

@misc{nlistanford,
    author    = "{Stanford NLP Group}",
    title     = "{The Stanford Natural Language Inference (SNLI) Corpus}",
    url       = "https://nlp.stanford.edu/projects/snli/",
    howpublished = "\url{https://nlp.stanford.edu/projects/snli/}",
  
}

@misc{fasttext,
    author    = "{Facebook Research}",
    title     = "{Pretrained English Word Vectors}",
    url       = "https://fasttext.cc/docs/en/english-vectors.html",
    howpublished = "\url{https://fasttext.cc/docs/en/english-vectors.html}",
  
}


@misc{repospacy,
    author    = "{spaCy.io}",
    title     = "{Github Repo: spaCy}",
    url       = "https://github.com/explosion/spaCy"
}

@ARTICLE{bagoftricks,
   author = {{Joulin}, A. and {Grave}, E. and {Bojanowski}, P. and {Mikolov}, T.
	},
    title = "{Bag of Tricks for Efficient Text Classification}",
  journal = {ArXiv e-prints},
archivePrefix = "arXiv",
   eprint = {1607.01759},
 primaryClass = "cs.CL",
 keywords = {Computer Science - Computation and Language},
     year = 2016,
    month = jul,
   adsurl = {http://adsabs.harvard.edu/abs/2016arXiv160701759J},
  adsnote = {Provided by the SAO/NASA Astrophysics Data System}
}

